@INPROCEEDINGS{Han:2005, 
author={Jeonghye Han and Miheon Jo and Sungju Park and Sungho Kim}, 
booktitle={ROMAN 2005. IEEE International Workshop on Robot and Human Interactive Communication, 2005.}, 
title={The educational use of home robots for children}, 
year={2005}, 
pages={378-383}, 
keywords={computer aided instruction;human computer interaction;robots;Web-based instruction;children;e-learning;educational media;home robots;human computer interaction;m-learning;media-assisted learning;Computer science education;Educational robots;Educational technology;Electronic learning;Human computer interaction;Intelligent robots;Internet;Research and development;Robotics and automation;Service robots}, 
doi={10.1109/ROMAN.2005.1513808}, 
ISSN={1944-9445}, 
month={Aug},}
